@inproceedings{LeRi15,
  doi = {10.1145/2739480.2754749},
  url = {http://dx.doi.org/10.1145/2739480.2754749},
  year  = {2015},
  publisher = {Association for Computing Machinery ({ACM})},
  author = {D. Lessin and S. Risi},
  title = {Darwin's Avatars},
  booktitle = {Proceedings of the 2015 Annual Conference on Genetic and Evolutionary Computation - {GECCO} '15},
  pages = {329 - 336}
}

@inproceedings{LeFuMi13,
  doi = {10.1145/2463372.2463411},
  url = {http://dx.doi.org/10.1145/2463372.2463411},
  year  = {2013},
  publisher = {Association for Computing Machinery ({ACM})},
  author = {D. Lessin and D. Fussell and R. Miikkulainen},
  title = {Open-ended behavioral complexity for evolved virtual creatures},
  booktitle = {Proceedings of the 15th annual conference on Genetic and evolutionary computation conference - {GECCO} '13},
  pages = {335-342}
}

@inproceedings{Sims94,
  doi = {10.1145/192161.192167},
  url = {http://dx.doi.org/10.1145/192161.192167},
  year  = {1994},
  publisher = {Association for Computing Machinery ({ACM})},
  author = {K. Sims},
  title = {Evolving virtual creatures},
  booktitle = {Proceedings of the 21st annual conference on Computer graphics and interactive techniques  - {SIGGRAPH} '94},
  pages = {15-22}
}

@article{MaWi15,
	author = "M. Winands",
	title = "Neural Networks for Video Game {AI}",
	journal = "Artificial and Computational Intelligence in Games: Integration, Dagstuhl Reports"
	volume = {5},
	issue = {1},
	year = {2015},
	pages = {207-242}
}

@article{RiLe15,
  doi = {10.1109/tciaig.2015.2416206},
  url = {http://dx.doi.org/10.1109/TCIAIG.2015.2416206},
  year  = {2016},
  publisher = {Institute of Electrical and Electronics Engineers ({IEEE})},
  volume = {8},
  number = {3},
  pages = {244-255},
  author = {S. Risi and J. Lehman and D. B. D'Ambrosio and R. Hall and K. O. Stanley},
  title = {Petalz: Search-Based Procedural Content Generation for the Casual Gamer},
  journal = {{IEEE} Transactions on Computational Intelligence and {AI} in Games}
}

@article{McCulloch1943,
  doi = {10.1007/bf02478259},
  url = {http://dx.doi.org/10.1007/BF02478259},
  year  = {1943},
  publisher = {Springer Nature},
  volume = {5},
  number = {4},
  pages = {115-133},
  author = {W. S. McCulloch and W. Pitts},
  title = {A logical calculus of the ideas immanent in nervous activity},
  journal = {The Bulletin of Mathematical Biophysics}
}

@article{Holland1992,
  year  = {1992},
  pages = {66-72},
  author = {J. H. Holland},
  title = {Genetic Algorithms},
  journal = {Scientific American}
}